@book{intropp,
author={Paik Schoenberg,Frederic},
title={Introduction to Point Processes},
journal={Encyclopedia of environmetrics},
year={2000},
publisher={Wiley Online Library}
}

@book{daley2003,
author={Daley, D.J. and Vere-Jones, D.J.},
title={An Introduction to the Theory of Point Processes: Volume I: Elementary Theory and Methods},
edition={2nd edition},
year={2003},
publisher={Springer}
}

@book{resnickpath,
author={Resnick, Sidney I.},
title={A Probability Path},
year={1999},
publisher={Birkhauser},
}

@article{hahn2012exchangeable,
  title={Exchangeable Random Variables},
  author={Hahn, Marjorie G and Zhang, Gang},
  journal={High Dimensional Probability},
  volume={43},
  pages={111},
  year={2012},
  publisher={Birkhauser}
}

@misc{MortalidadINEGI15,
  author={Instituto Nacional de Estad\'stica y Geograf\'ia},
  title={Estad\'isticas de Mortalidad},
  year={2015},
  url={http://www.inegi.org.mx/lib/olap/consulta/general_ver4/MDXQueryDatos.asp?proy=mortgral_mg}
}

@misc{DiabetesdeathsWHO,
	author={Organizacion\~Mundial\~de\~la\~Salud},
	title={Diabetes, deaths per 100 000. {D}ata by country},
	howpublised={\url{http://apps.who.int/gho/data/view.main.2510DIABETES}},
	note={Accesed: 19-01-2017}
}

@misc{FactSheetDiabetes,
	author={Organizacion\~Mundial\~de\~la\~Salud},
	title={Diabetes. Fact Sheet.},
	howpublished={\url{http://www.who.int/mediacentre/factsheets/fs312/en/}},
	note={Accesed: 20-01-2017}
}

@article{hex2012estimating,
  title={Estimating the current and future costs of {T}ype 1 and {T}ype 2 diabetes in the {UK}, including direct health costs and indirect societal and productivity costs},
  author={Hex, N and Bartlett, C and Wright, D and Taylor, M and Varley, D},
  journal={Diabetic Medicine},
  volume={29},
  number={7},
  pages={855--862},
  year={2012},
  publisher={Wiley Online Library}
}

@misc{gutierrezencuesta,
  title={Encuesta {N}acional de {S}alud y {N}utrici{\'o}n. {ENSANUT} 2012 Resultados {N}acionales. {C}uernavaca, {M}{\'e}xico: Instituto {N}acional de {S}alud {P}{\'u}blica, 2012 [accedido en Enero 2017]},
  author={Guti{\'e}rrez, JP and Rivera-Dommarco, J and Shamah-Levy, T and Villalpando-Hern{\'a}ndez, S and Franco, A and Cuevas-Nasu, L and others}
}

@article{bolanos2010costos,
  title={Costos directos de atenci{\'o}n m{\'e}dica en pacientes con diabetes mellitus tipo 2 en {M}{\'e}xico: {A}n{\'a}lisis de microcosteo},
  author={Bola{\~n}os, Rosibel de los {\'A}ngeles Rodr{\'\i}guez and Shigematsu, Luz Myriam Reynales and Ru{\'\i}z, Jorge Alberto Jim{\'e}nez and M{\'a}rquez, Sergio Arturo Ju{\'a}rez and {\'A}vila, Mauricio Hern{\'a}ndez},
  journal={Rev Panam Salud Publica},
  volume={28},
  number={6},
  pages={412--20},
  year={2010},
  publisher={SciELO Public Health}
}

@misc{CDCStatistics,
	author={Center\~for\~Disease\~Control\~and\~Prevention},
	title={National Diabetes Statistics Report, 2014.},
	howpublished={\url{https://www.cdc.gov/diabetes/pdfs/data/2014-report-estimates-of-diabetes-and-its-burden-in-the-united-states.pdf}},
	note={Accesed: 30-01-2017}
}

@article{atlas2015international,
  title={Atlas {IDF} Diabetes, 2015},
  author={Federaci\'on Internacional de la Diabetes, Brussels},
  journal={Available from:[Last accessed: Enero 2017]},
  year={2015}
}

@article{barcelo2003cost,
  title={The cost of diabetes in {L}atin {A}merica and the {C}aribbean},
  author={Barcelo, Alberto and Aedo, Cristian and Rajpathak, Swapnil and Robles, Sylvia},
  journal={Bulletin of the world health organization},
  volume={81},
  number={1},
  pages={19--27},
  year={2003},
  publisher={SciELO Public Health}
}


@article{barraza2015carga,
  title={Carga Econ{\'o}mica de la diabetes mellitus en M{\'e}xico, 2013},
  author={Barraza-Llor{\'e}ns, M and Guajardo-Barr{\'o}n, V and Pic{\'o}, J and Garc{\'\i}a, R and Hern{\'a}ndez, C and Mora, F and Athi{\'e}, J and Crable, E and Urtiz, A},
  journal={M{\'e}xico, DF: Funsalud},
  year={2015}
}

@article{american2013economic,
  title={Economic costs of diabetes in the US in 2012},
  author={American\~Diabetes\~Association and others},
  journal={Diabetes care},
  volume={36},
  number={4},
  pages={1033--1046},
  year={2013},
  publisher={Am Diabetes Assoc}
}

@misc{MEPSSummary,
	author={AHRQ},
	title={Medical Expenditure Panel Survey, MEPS.},
	howpublished={\url{https://meps.ahrq.gov/mepsweb/data_stats/quick_tables_search.jsp?component=2&subcomponent=1}},
	note={Accesed: 30-01-2017}
}

@article{zhuo2014lifetime,
  title={The lifetime cost of diabetes and its implications for diabetes prevention},
  author={Zhuo, Xiaohui and Zhang, Ping and Barker, Lawrence and Albright, Ann and Thompson, Theodore J and Gregg, Edward},
  journal={Diabetes care},
  volume={37},
  number={9},
  pages={2557--2564},
  year={2014},
  publisher={Am Diabetes Assoc}
}

@book{cichon1999modelling,
  title={Modelling in health care finance: A compendium of quantitative techniques for health care financing},
  author={Cichon, Michael and Newbrander, William and Yamabana, Hiroshi and Weber, Axel and Normand, Charles and Dror, David and Preker, Alexander},
  year={1999},
  publisher={International Labour Organization}
}
@article{pitt2002constructing,
  title={Constructing first order stationary autoregressive models via latent processes},
  author={Pitt, Michael K and Chatfield, Chris and Walker, Stephen G},
  journal={Scandinavian Journal of Statistics},
  volume={29},
  number={4},
  pages={657--663},
  year={2002},
  publisher={Wiley Online Library}
}

@article{fader2013gamma,
  title={The Gamma-Gamma Model of Monetary Value},
  author={Fader, Peter S and Hardie, Bruce GS},
  year={2013}
}
@book{held2014applied,
  title={Applied statistical inference},
  author={Held, Leonhard and Saban{\'e}s Bov{\'e}, Daniel},
  journal={Springer, Berlin Heidelberg, doi},
  volume={10},
  pages={978--3},
  year={2014},
  publisher={Springer}
  
}@article{dempster1977maximum,
  title={Maximum likelihood from incomplete data via the EM algorithm},
  author={Dempster, Arthur P and Laird, Nan M and Rubin, Donald B},
  journal={Journal of the royal statistical society. Series B},
  pages={1--38},
  year={1977},
  publisher={JSTOR}
}
@article{casella1992explaining,
  title={Explaining the Gibbs sampler},
  author={Casella, George and George, Edward I},
  journal={The American Statistician},
  volume={46},
  number={3},
  pages={167--174},
  year={1992},
  publisher={Taylor \& Francis}
}
@inproceedings{plummer2003jags,
  title={JAGS: A program for analysis of Bayesian graphical models using Gibbs sampling},
  author={Plummer, Martyn and others},
  booktitle={Proceedings of the 3rd international workshop on distributed statistical computing},
  volume={124},
  pages={125},
  year={2003},
  organization={Vienna}
}
@book{kruschke2014doing,
  title={Doing Bayesian data analysis: A tutorial with R, JAGS, and Stan},
  author={Kruschke, John},
  year={2014},
  publisher={Academic Press}
}
@book{gelman2014bayesian,
  title={Bayesian data analysis},
  author={Gelman, Andrew and Carlin, John B and Stern, Hal S and Rubin, Donald B},
  volume={2},
  year={2014},
  publisher={Chapman \& Hall/CRC Boca Raton, FL, USA}
}
@book{smith2010bayesian,
  title={Bayesian decision analysis: principles and practice},
  author={Smith, Jim Q},
  year={2010},
  publisher={Cambridge University Press}
}
@article{engle1998autoregressive,
  title={Autoregressive conditional duration: a new model for irregularly spaced transaction data},
  author={Engle, Robert F and Russell, Jeffrey R},
  journal={Econometrica},
  pages={1127--1162},
  year={1998},
  publisher={JSTOR}
}
@book{harrison1999bayesian,
  title={Bayesian forecasting and dynamic models},
  author={Harrison, Jeff and West, Mike},
  year={1999},
  publisher={Springer New York}
}
@article{ghahramani2001introduction,
  title={An introduction to hidden {M}arkov models and {B}ayesian networks},
  author={Ghahramani, Zoubin},
  journal={International {J}ournal of {P}attern {R}ecognition and {A}rtificial {I}ntelligence},
  volume={15},
  number={01},
  pages={9--42},
  year={2001},
  publisher={World Scientific}
}
@article{neal2003slice,
  title={Slice sampling},
  author={Neal, Radford M},
  journal={Annals of statistics},
  pages={705--741},
  year={2003},
  publisher={JSTOR}
}
@article{bagnoli2005log,
  title={Log-concave probability and its applications},
  author={Bagnoli, Mark and Bergstrom, Ted},
  journal={Economic Theory},
  volume={26},
  number={2},
  pages={445--469},
  year={2005},
  publisher={Springer}
}
@article{carter1996markov,
  title={Markov chain Monte Carlo in conditionally Gaussian state space models},
  author={Carter, Christopher K and Kohn, Robert},
  journal={Biometrika},
  volume={83},
  number={3},
  pages={589--601},
  year={1996},
  publisher={Oxford University Press}
}
@article{an1996log,
  title={Log-concave probability distributions: Theory and statistical testing},
  author={An, Mark Yuying},
  journal={Working Papers},
  volume={95},
  number={3},
  year={1996},
  publisher={Duke University Press}
}
@book{schervish2012theory,
  title={Theory of statistics},
  author={Schervish, Mark J},
  year={2012},
  publisher={Springer Science \& Business Media}
}
@book{cappe2009inference,
  title={Inference in hidden markov models},
  author={Capp{\'e}, Olivier and Moulines, Eric and Ryd{\'e}n, Tobias},
  year={2009}
}
@article{goldstein2013observables,
  title={Observables and models: Exchangeability and the inductive argument},
  author={Goldstein, Michael},
  journal={Bayesian Theory and Its Applications},
  pages={3--18},
  year={2013}
}
@article{barquera2013diabetes,
  title={Diabetes in {M}exico: {C}ost and management of diabetes and its complications and challenges for health policy},
  author={Barquera, Simon and Campos-Nonato, Ismael and Aguilar-Salinas, Carlos and Lopez-Ridaura, Ruy and Arredondo, Armando and Rivera-Dommarco, Juan},
  journal={Globalization and health},
  volume={9},
  number={1},
  pages={3},
  year={2013},
  publisher={BioMed Central}
}